<record><leader>00000cas a2200000 a 4500</leader><controlfield tag="001">11358288</controlfield><controlfield tag="008">841107d18751992iluwr ne      0   a0eng c</controlfield><datafield ind1=" " ind2=" " tag="010"><subfield code="a">sn 84038603 </subfield></datafield><datafield ind1=" " ind2=" " tag="040"><subfield code="a">NPX</subfield><subfield code="b">eng</subfield><subfield code="c">NPX</subfield><subfield code="d">NVF</subfield><subfield code="d">OCLCF</subfield><subfield code="d">OCLCO</subfield><subfield code="d">NVF</subfield></datafield><datafield ind1=" " ind2=" " tag="042"><subfield code="a">pcc</subfield></datafield><datafield ind1=" " ind2=" " tag="043"><subfield code="a">n-us-il</subfield></datafield><datafield ind1="0" ind2=" " tag="130"><subfield code="a">Paxton record (Paxton, Ill. : 1875)</subfield></datafield><datafield ind1="1" ind2="4" tag="245"><subfield code="a">The Paxton record.</subfield></datafield><datafield ind1="1" ind2="3" tag="246"><subfield code="a">Paxton record/Loda times</subfield><subfield code="f">July 10, 1975-1992</subfield></datafield><datafield ind1="1" ind2="7" tag="246"><subfield code="a">Record/times</subfield><subfield code="f">July 10, 1975-1992</subfield></datafield><datafield ind1="3" ind2=" " tag="246"><subfield code="a">Paxton record Loda times</subfield></datafield><datafield ind1="3" ind2=" " tag="246"><subfield code="a">Record times</subfield></datafield><datafield ind1=" " ind2=" " tag="260"><subfield code="a">Paxton, Ford County, Ill. :</subfield><subfield code="b">N.E. Stevens,</subfield><subfield code="c">1875-1992.</subfield></datafield><datafield ind1=" " ind2=" " tag="300"><subfield code="a">v.</subfield></datafield><datafield ind1=" " ind2=" " tag="310"><subfield code="a">Weekly</subfield></datafield><datafield ind1="0" ind2=" " tag="362"><subfield code="a">New ser., v. 1, no. 1 (Jan. 14, 1875)-127th year (Apr. 15, 1992).</subfield></datafield><datafield ind1=" " ind2=" " tag="515"><subfield code="a">Issues for Jan. 14, 1875-Jan. 19, 1983 carry volume or year designations and whole numbering systems with many irregularities.</subfield></datafield><datafield ind1=" " ind2=" " tag="580"><subfield code="a">Daily ed.: Paxton daily record (Paxton, Ill. : 1897), 1897-1992.</subfield></datafield><datafield ind1=" " ind2=" " tag="580"><subfield code="a">Daily fair eds.: Paxton daily record (Paxton, Ill. : 1878), &lt;&gt;-1878, and: Paxton daily fair record, 1879-&lt;&gt;, and: Paxton daily record (Paxton, Ill. : 1881), &lt;1881&gt;.</subfield></datafield><datafield ind1=" " ind2=" " tag="580"><subfield code="a">Other ed.: Loda times (Loda, Ill. : 1911), &lt;1911&gt;-1992.</subfield></datafield><datafield ind1=" " ind2="0" tag="651"><subfield code="a">Paxton (Ill.)</subfield><subfield code="v">Newspapers.</subfield></datafield><datafield ind1=" " ind2="0" tag="651"><subfield code="a">Loda (Ill.)</subfield><subfield code="v">Newspapers.</subfield></datafield><datafield ind1=" " ind2="7" tag="651"><subfield code="a">Illinois</subfield><subfield code="z">Loda.</subfield><subfield code="2">fast</subfield><subfield code="0">(OCoLC)fst01234667</subfield></datafield><datafield ind1=" " ind2="7" tag="651"><subfield code="a">Illinois</subfield><subfield code="z">Paxton.</subfield><subfield code="2">fast</subfield><subfield code="0">(OCoLC)fst01226735</subfield></datafield><datafield ind1=" " ind2="7" tag="655"><subfield code="a">Newspapers.</subfield><subfield code="2">fast</subfield><subfield code="0">(OCoLC)fst01423814</subfield></datafield><datafield ind1=" " ind2=" " tag="752"><subfield code="a">United States</subfield><subfield code="b">Illinois</subfield><subfield code="c">Ford County</subfield><subfield code="d">Paxton.</subfield></datafield><datafield ind1="1" ind2=" " tag="775"><subfield code="t">Paxton daily record (Paxton, Ill. : 1897)</subfield><subfield code="w">(DLC)sn 91055957</subfield><subfield code="w">(OCoLC)23232295</subfield></datafield><datafield ind1="1" ind2=" " tag="775"><subfield code="t">Paxton daily record (Paxton, Ill. : 1878)</subfield><subfield code="w">(DLC)sn 91055958</subfield><subfield code="w">(OCoLC)23232138</subfield></datafield><datafield ind1="1" ind2=" " tag="775"><subfield code="t">Paxton daily fair record</subfield><subfield code="w">(DLC)sn 91055959</subfield><subfield code="w">(OCoLC)23232194</subfield></datafield><datafield ind1="1" ind2=" " tag="775"><subfield code="t">Paxton daily record (Paxton, Ill. : 1881)</subfield><subfield code="w">(DLC)sn 91055960</subfield><subfield code="w">(OCoLC)23232235</subfield></datafield><datafield ind1="1" ind2=" " tag="775"><subfield code="t">Loda times (Loda, Ill. : 1911)</subfield><subfield code="w">(DLC)sn 91055322</subfield><subfield code="w">(OCoLC)2535233</subfield></datafield><datafield ind1="0" ind2="0" tag="780"><subfield code="t">Paxton weekly record</subfield><subfield code="w">(DLC)sn 85033985</subfield><subfield code="w">(OCoLC)12363001</subfield></datafield><datafield ind1="0" ind2="0" tag="785"><subfield code="t">Record (Paxton, Ill.)</subfield><subfield code="w">(DLC)sn 96071023</subfield><subfield code="w">(OCoLC)35177379</subfield></datafield><datafield ind1="1" ind2=" " tag="029"><subfield code="a">AU@</subfield><subfield code="b">000020344856</subfield></datafield></record>